@article{cao2014privacy,
  title={Privacy-preserving multi-keyword ranked search over encrypted cloud data},
  author={Cao, Ning and Wang, Cong and Li, Ming and Ren, Kui and Lou, Wenjing},
  journal={IEEE Transactions on parallel and distributed systems},
  volume={25},
  number={1},
  pages={222--233},
  year={2014},
  publisher={IEEE}
}

@article{xia2016secure,
  title={A secure and dynamic multi-keyword ranked search scheme over encrypted cloud data},
  author={Xia, Zhihua and Wang, Xinhui and Sun, Xingming and Wang, Qian},
  journal={IEEE Transactions on Parallel and Distributed Systems},
  volume={27},
  number={2},
  pages={340--352},
  year={2016},
  publisher={IEEE}
}

