@inproceedings{Mohri09,
  title={Rademacher complexity bounds for non-iid processes},
  author={Mohri, Mehryar and Rostamizadeh, Afshin},
  booktitle={Advances in Neural Information Processing Systems},
  pages={1097--1104},
  year={2009}
}

@article{BM02,
  title={Rademacher and Gaussian complexities: Risk bounds and structural results},
  author={Bartlett, Peter L and Mendelson, Shahar},
  journal={Journal of Machine Learning Research},
  volume={3},
  number={Nov},
  pages={463--482},
  year={2002}
}

@article{BBM05,
  title={Local rademacher complexities},
  author={Bartlett, Peter L and Bousquet, Olivier and Mendelson, Shahar},
  journal={Annals of Statistics},
  pages={1497--1537},
  year={2005},
  publisher={JSTOR}
}

@article{BLM99,
  title={A sharp concentration inequality with applications},
  author={Boucheron, S and Lugosi, G and Massart, Pascal},
  year={1999},
  journal={Random Structures and Algorithms},
  publisher={Citeseer}
}

@article{M89,
  title={On the method of bounded differences},
  author={McDiarmid, Colin},
  journal={Surveys in combinatorics},
  volume={141},
  number={1},
  pages={148--188},
  year={1989}
}

@article{Oneto13,
  title={An improved analysis of the Rademacher data-dependent bound using its self bounding property},
  author={Oneto, Luca and Ghio, Alessandro and Anguita, Davide and Ridella, Sandro},
  journal={Neural Networks},
  volume={44},
  pages={107--111},
  year={2013},
  publisher={Elsevier}
}

@article{AGO14,
  title={A Deep Connection Between the Vapnik--Chervonenkis Entropy and the Rademacher Complexity},
  author={Anguita, Davide and Ghio, Alessandro and Oneto, Luca and Ridella, Sandro},
  journal={IEEE transactions on neural networks and learning systems},
  volume={25},
  number={12},
  pages={2202--2211},
  year={2014},
  publisher={IEEE}
}

@inproceedings{BMS07,
  title={Scaling up all pairs similarity search},
  author={Bayardo, Roberto J and Ma, Yiming and Srikant, Ramakrishnan},
  booktitle={Proceedings of the 16th international conference on World Wide Web},
  pages={131--140},
  year={2007},
  organization={ACM}
}

@article{GIM99,
  title={Similarity search in high dimensions via hashing},
  author={Gionis, Aristides and Indyk, Piotr and Motwani, Rajeev and others},
  journal={VLDB},
  volume={99},
  number={6},
  pages={518--529},
  year={1999}
}

@inproceedings{FKS03,
  title={Efficient similarity search and classification via rank aggregation},
  author={Fagin, Ronald and Kumar, Ravi and Sivakumar, Dandapani},
  booktitle={Proceedings of the 2003 ACM SIGMOD international conference on Management of data},
  pages={301--312},
  year={2003},
  organization={ACM}
}

@inproceedings{IM98,
  title={Approximate nearest neighbors: towards removing the curse of dimensionality},
  author={Indyk, Piotr and Motwani, Rajeev},
  booktitle={Proceedings of the thirtieth annual ACM symposium on Theory of computing},
  pages={604--613},
  year={1998},
  organization={ACM}
}

@inproceedings{Char02,
  title={Similarity estimation techniques from rounding algorithms},
  author={Charikar, Moses S},
  booktitle={Proceedings of the thiry-fourth annual ACM symposium on Theory of computing},
  pages={380--388},
  year={2002},
  organization={ACM}
}

@inproceedings{SGM00,
  title={Impact of similarity measures on web-page clustering},
  author={Strehl, Alexander and Ghosh, Joydeep and Mooney, Raymond},
  booktitle={Workshop on Artificial Intelligence for Web Search (AAAI 2000)},
  pages={58--64},
  year={2000}
}

@article{Xia16,
  title={A secure and dynamic multi-keyword ranked search scheme over encrypted cloud data},
  author={Xia, Zhihua and Wang, Xinhui and Sun, Xingming and Wang, Qian},
  journal={IEEE Transactions on Parallel and Distributed Systems},
  volume={27},
  number={2},
  pages={340--352},
  year={2016},
  publisher={IEEE}
}

@inproceedings{ATY13,
  title={Cache-conscious performance optimization for similarity search},
  author={Alabduljalil, Maha and Tang, Xun and Yang, Tao},
  booktitle={Proceedings of the 36th international ACM SIGIR conference on Research and development in information retrieval},
  pages={713--722},
  year={2013},
  organization={ACM}
}

@inproceedings{TAJY14,
  title={Load balancing for partition-based similarity search},
  author={Tang, Xun and Alabduljalil, Maha and Jin, Xin and Yang, Tao},
  booktitle={Proceedings of the 37th international ACM SIGIR conference on Research \& development in information retrieval},
  pages={193--202},
  year={2014},
  organization={ACM}
}

@inproceedings{Lin09,
  title={Brute force and indexed approaches to pairwise document similarity comparisons with MapReduce},
  author={Lin, Jimmy},
  booktitle={Proceedings of the 32nd international ACM SIGIR conference on Research and development in information retrieval},
  pages={155--162},
  year={2009},
  organization={ACM}
}

@article{H63,
  title={Probability inequalities for sums of bounded random variables},
  author={Hoeffding, Wassily},
  journal={Journal of the American statistical association},
  volume={58},
  number={301},
  pages={13--30},
  year={1963},
  publisher={Taylor \& Francis Group}
}

