@article{cao2014privacy,
  title={Privacy-preserving multi-keyword ranked search over encrypted cloud data},
  author={Cao, Ning and Wang, Cong and Li, Ming and Ren, Kui and Lou, Wenjing},
  journal={IEEE Transactions on parallel and distributed systems},
  volume={25},
  number={1},
  pages={222--233},
  year={2014},
  publisher={IEEE}
}

@article{xia2016secure,
  title={A secure and dynamic multi-keyword ranked search scheme over encrypted cloud data},
  author={Xia, Zhihua and Wang, Xinhui and Sun, Xingming and Wang, Qian},
  journal={IEEE Transactions on Parallel and Distributed Systems},
  volume={27},
  number={2},
  pages={340--352},
  year={2016},
  publisher={IEEE}
}

@inproceedings{ATY13,
  title={Cache-conscious performance optimization for similarity search},
  author={Alabduljalil, Maha and Tang, Xun and Yang, Tao},
  booktitle={Proceedings of the 36th international ACM SIGIR conference on Research and development in information retrieval},
  pages={713--722},
  year={2013},
  organization={ACM}
}

@inproceedings{TAJY14,
  title={Load balancing for partition-based similarity search},
  author={Tang, Xun and Alabduljalil, Maha and Jin, Xin and Yang, Tao},
  booktitle={Proceedings of the 37th international ACM SIGIR conference on Research \& development in information retrieval},
  pages={193--202},
  year={2014},
  organization={ACM}
}

@article{DR14,
  title={The algorithmic foundations of differential privacy},
  author={Dwork, Cynthia and Roth, Aaron and others},
  journal={Foundations and Trends in Theoretical Computer Science},
  volume={9},
  number={3-4},
  pages={211--407},
  year={2014}
}

@inproceedings{Dwork08,
  title={Differential privacy: A survey of results},
  author={Dwork, Cynthia},
  booktitle={International Conference on Theory and Applications of Models of Computation},
  pages={1--19},
  year={2008},
  organization={Springer}
}

@inproceedings{Wong09,
  title={Secure kNN computation on encrypted databases},
  author={Wong, Wai Kit and Cheung, David Wai-lok and Kao, Ben and Mamoulis, Nikos},
  booktitle={Proceedings of the 2009 ACM SIGMOD International Conference on Management of data},
  pages={139--152},
  year={2009},
  organization={ACM}
}

@article{Cao14,
  title={Privacy-preserving multi-keyword ranked search over encrypted cloud data},
  author={Cao, Ning and Wang, Cong and Li, Ming and Ren, Kui and Lou, Wenjing},
  journal={IEEE Transactions on parallel and distributed systems},
  volume={25},
  number={1},
  pages={222--233},
  year={2014},
  publisher={IEEE}
}

@inproceedings{Sun13,
  title={Privacy-preserving multi-keyword text search in the cloud supporting similarity-based ranking},
  author={Sun, Wenhai and Wang, Bing and Cao, Ning and Li, Ming and Lou, Wenjing and Hou, Y Thomas and Li, Hui},
  booktitle={Proceedings of the 8th ACM SIGSAC symposium on Information, computer and communications security},
  pages={71--82},
  year={2013},
  organization={ACM}
}

@article{Xia16,
  title={A secure and dynamic multi-keyword ranked search scheme over encrypted cloud data},
  author={Xia, Zhihua and Wang, Xinhui and Sun, Xingming and Wang, Qian},
  journal={IEEE Transactions on Parallel and Distributed Systems},
  volume={27},
  number={2},
  pages={340--352},
  year={2016},
  publisher={IEEE}
}



@article{li2015enabling,
  title={Enabling efficient multi-keyword ranked search over encrypted mobile cloud data through blind storage},
  author={Li, Hongwei and Liu, Dongxiao and Dai, Yuanshun and Luan, Tom H and Shen, Xuemin Sherman},
  journal={IEEE Transactions on Emerging Topics in Computing},
  volume={3},
  number={1},
  pages={127--138},
  year={2015},
  publisher={IEEE}
}

@inproceedings{naveed2014dynamic,
  title={Dynamic searchable encryption via blind storage},
  author={Naveed, Muhammad and Prabhakaran, Manoj and Gunter, Carl A},
  booktitle={2014 IEEE Symposium on Security and Privacy},
  pages={639--654},
  year={2014},
  organization={IEEE}
}


@book{AB09,
  title={Computational complexity: a modern approach},
  author={Arora, Sanjeev and Barak, Boaz},
  year={2009},
  publisher={Cambridge University Press}
}

@misc{G95,
  title={Foundations of Cryptography: fragments of a Book},
  author={Goldreich, Oded},
  year={1995},
  publisher={Weizmann Institute of Science}
}


