
@article{Xia16,
  title={A secure and dynamic multi-keyword ranked search scheme over encrypted cloud data},
  author={Xia, Zhihua and Wang, Xinhui and Sun, Xingming and Wang, Qian},
  journal={IEEE Transactions on Parallel and Distributed Systems},
  volume={27},
  number={2},
  pages={340--352},
  year={2016},
  publisher={IEEE}
}

@inproceedings{ATY13,
  title={Cache-conscious performance optimization for similarity search},
  author={Alabduljalil, Maha and Tang, Xun and Yang, Tao},
  booktitle={Proceedings of the 36th international ACM SIGIR conference on Research and development in information retrieval},
  pages={713--722},
  year={2013},
  organization={ACM}
}

@inproceedings{TAJY14,
  title={Load balancing for partition-based similarity search},
  author={Tang, Xun and Alabduljalil, Maha and Jin, Xin and Yang, Tao},
  booktitle={Proceedings of the 37th international ACM SIGIR conference on Research \& development in information retrieval},
  pages={193--202},
  year={2014},
  organization={ACM}
}

@article{DR14,
  title={The algorithmic foundations of differential privacy},
  author={Dwork, Cynthia and Roth, Aaron and others},
  journal={Foundations and Trends in Theoretical Computer Science},
  volume={9},
  number={3-4},
  pages={211--407},
  year={2014}
}

@inproceedings{Dwork08,
  title={Differential privacy: A survey of results},
  author={Dwork, Cynthia},
  booktitle={International Conference on Theory and Applications of Models of Computation},
  pages={1--19},
  year={2008},
  organization={Springer}
}

@inproceedings{Wong09,
  title={Secure kNN computation on encrypted databases},
  author={Wong, Wai Kit and Cheung, David Wai-lok and Kao, Ben and Mamoulis, Nikos},
  booktitle={Proceedings of the 2009 ACM SIGMOD International Conference on Management of data},
  pages={139--152},
  year={2009},
  organization={ACM}
}

@article{Cao14,
  title={Privacy-preserving multi-keyword ranked search over encrypted cloud data},
  author={Cao, Ning and Wang, Cong and Li, Ming and Ren, Kui and Lou, Wenjing},
  journal={IEEE Transactions on parallel and distributed systems},
  volume={25},
  number={1},
  pages={222--233},
  year={2014},
  publisher={IEEE}
}

@inproceedings{Sun13,
  title={Privacy-preserving multi-keyword text search in the cloud supporting similarity-based ranking},
  author={Sun, Wenhai and Wang, Bing and Cao, Ning and Li, Ming and Lou, Wenjing and Hou, Y Thomas and Li, Hui},
  booktitle={Proceedings of the 8th ACM SIGSAC symposium on Information, computer and communications security},
  pages={71--82},
  year={2013},
  organization={ACM}
}

@inproceedings{WYL14,
  title={Privacy-preserving multi-keyword fuzzy search over encrypted data in the cloud},
  author={Wang, Bing and Yu, Shucheng and Lou, Wenjing and Hou, Y Thomas},
  booktitle={IEEE INFOCOM 2014-IEEE Conference on Computer Communications},
  pages={2112--2120},
  year={2014},
  organization={IEEE}
}

@article{SYL16,
  title={Protecting your right: verifiable attribute-based keyword search with fine-grained owner-enforced search authorization in the cloud},
  author={Sun, Wenhai and Yu, Shucheng and Lou, Wenjing and Hou, Y Thomas and Li, Hui},
  journal={IEEE Transactions on Parallel and Distributed Systems},
  volume={27},
  number={4},
  pages={1187--1198},
  year={2016},
  publisher={IEEE}
}

@incollection{SLH14,
  title={Privacy-preserving keyword search over encrypted data in cloud computing},
  author={Sun, Wenhai and Lou, Wenjing and Hou, Y Thomas and Li, Hui},
  booktitle={Secure Cloud Computing},
  pages={189--212},
  year={2014},
  publisher={Springer}
}

@inproceedings{SLL15,
  title={Catch you if you lie to me: Efficient verifiable conjunctive keyword search over large dynamic encrypted cloud data},
  author={Sun, Wenhai and Liu, Xuefeng and Lou, Wenjing and Hou, Y Thomas and Li, Hui},
  booktitle={2015 IEEE Conference on Computer Communications (INFOCOM)},
  pages={2110--2118},
  year={2015},
  organization={IEEE}
}

@inproceedings{WSL15,
  title={Inverted index based multi-keyword public-key searchable encryption with strong privacy guarantee},
  author={Wang, Bing and Song, Wei and Lou, Wenjing and Hou, Y Thomas},
  booktitle={2015 IEEE Conference on Computer Communications (INFOCOM)},
  pages={2092--2100},
  year={2015},
  organization={IEEE}
}


@article{Soft14,
  title={Soft similarity and soft cosine measure: Similarity of features in vector space model},
  author={Sidorov, Grigori and Gelbukh, Alexander and G{\'o}mez-Adorno, Helena and Pinto, David},
  journal={Computaci{\'o}n y Sistemas},
  volume={18},
  number={3},
  pages={491--504},
  year={2014},
  publisher={Centro de Investigaci{\'o}n en Computaci{\'o}n, IPN}
}

@article{LLD15,
  title={Enabling efficient multi-keyword ranked search over encrypted mobile cloud data through blind storage},
  author={Li, Hongwei and Liu, Dongxiao and Dai, Yuanshun and Luan, Tom H and Shen, Xuemin Sherman},
  journal={IEEE Transactions on Emerging Topics in Computing},
  volume={3},
  number={1},
  pages={127--138},
  year={2015},
  publisher={IEEE}
}

@article{WC12,
  title={Enabling secure and efficient ranked keyword search over outsourced cloud data},
  author={Wang, Cong and Cao, Ning and Ren, Kui and Lou, Wenjing},
  journal={IEEE Transactions on parallel and distributed systems},
  volume={23},
  number={8},
  pages={1467--1479},
  year={2012},
  publisher={IEEE}
}

@inproceedings{NPG14,
  title={Dynamic searchable encryption via blind storage},
  author={Naveed, Muhammad and Prabhakaran, Manoj and Gunter, Carl A},
  booktitle={2014 IEEE Symposium on Security and Privacy},
  pages={639--654},
  year={2014},
  organization={IEEE}
}


@book{AB09,
  title={Computational complexity: a modern approach},
  author={Arora, Sanjeev and Barak, Boaz},
  year={2009},
  publisher={Cambridge University Press}
}

@misc{G95,
  title={Foundations of Cryptography: fragments of a Book},
  author={Goldreich, Oded},
  year={1995},
  publisher={Weizmann Institute of Science}
}

@inproceedings{K09,
  title={Attacks on privacy and deFinetti's theorem},
  author={Kifer, Daniel},
  booktitle={Proceedings of the 2009 ACM SIGMOD International Conference on Management of data},
  pages={127--138},
  year={2009},
  organization={ACM}
}

@article{PR99,
  title={The PageRank citation ranking: bringing order to the web.},
  author={Page, Lawrence and Brin, Sergey and Motwani, Rajeev and Winograd, Terry},
  year={1999},
  journal={Stanford Technical Report},
  publisher={Stanford InfoLab}
}

@inproceedings{JW02,
  title={SimRank: a measure of structural-context similarity},
  author={Jeh, Glen and Widom, Jennifer},
  booktitle={Proceedings of the eighth ACM SIGKDD international conference on Knowledge discovery and data mining},
  pages={538--543},
  year={2002},
  organization={ACM}
}

@book{NM10,
  title={Networks: an introduction},
  author={Newman, Mark},
  year={2010},
  publisher={Oxford university press}
}

@article{Bran01,
  title={A faster algorithm for betweenness centrality*},
  author={Brandes, Ulrik},
  journal={Journal of mathematical sociology},
  volume={25},
  number={2},
  pages={163--177},
  year={2001},
  publisher={Taylor \& Francis}
}

@article{Jac89,
  title={Similarity measures in scientometric research: the Jaccard index versus Salton's cosine formula},
  author={Hamers, Lieve and Hemeryck, Yves and Herweyers, Guido and Janssen, Marc and Keters, Hans and Rousseau, Ronald and Vanhoutte, Andr{\'e}},
  journal={Information Processing \& Management},
  volume={25},
  number={3},
  pages={315--318},
  year={1989},
  publisher={Elsevier}
}

@misc{TAOCPv1,
  title={The art of computer programming, volume 1: fundamental algorithms. Redwood City},
  author={Knuth, Donald E},
  year={1997},
  publisher={CA, USA: Addison Wesley Longman Publishing Co., Inc}
}
